<?xml version="1.0" encoding="UTF-8"?><collection xmlns="http://www.loc.gov/MARC21/slim"><record><leader>00602nam--2200169-i-4500</leader><controlfield tag="001">000015348</controlfield><controlfield tag="002">20161230</controlfield><controlfield tag="005">20161230201031</controlfield><controlfield tag="008">060222s1000------------r-----000-0-eng-d</controlfield><datafield ind1=" " ind2=" " tag="080"><subfield code="a">512.7:061.3</subfield></datafield><datafield ind1=" " ind2=" " tag="100"><subfield code="a">Aroca, J. M. ; Buchweitz, R. ; Giusti, M. ; Merle, M</subfield></datafield><datafield ind1="1" ind2="0" tag="245"><subfield code="a">Algebric geometry. proceedings of the international conference on algebraic geometry held atc la rabida, spain, january 7-15, 1981</subfield></datafield><datafield ind1=" " ind2=" " tag="260"><subfield code="a">Berlin, Springer-verlag, 1982 X + 500 P</subfield></datafield><datafield ind1=" " ind2=" " tag="490"><subfield code="a">Lecture Notes In Mathematics</subfield><subfield code="v">vol. 961</subfield></datafield><datafield ind1=" " ind2=" " tag="700"><subfield code="a">Aroca, J.M./S.A.</subfield></datafield><datafield ind1=" " ind2=" " tag="852"><subfield code="a">72104</subfield><subfield code="c">513</subfield></datafield><datafield ind1=" " ind2=" " tag="CAT"><subfield code="a">Sys</subfield><subfield code="c">20080529</subfield><subfield code="h">092818</subfield></datafield></record></collection>